<?xml version="1.0" encoding="UTF-8"?><collection xmlns="http://www.loc.gov/MARC21/slim"><record><leader>00317nam--2200121-i-4500</leader><controlfield tag="001">000021591</controlfield><controlfield tag="002">20161230</controlfield><controlfield tag="005">20161230201034</controlfield><controlfield tag="008">060222s1000------------r-----000-0-eng-d</controlfield><datafield ind1=" " ind2=" " tag="100"><subfield code="a">Hornby, A.S</subfield></datafield><datafield ind1=" " ind2=" " tag="245"><subfield code="a">A guide to pattern and usage in english</subfield></datafield><datafield ind1=" " ind2=" " tag="260"><subfield code="a">London, Oxford Univ.Press, 1957. Xvii + 261 P</subfield></datafield><datafield ind1=" " ind2=" " tag="852"><subfield code="a">D1936</subfield></datafield></record></collection>